%YAML 1.1
%TAG !u! tag:unity3d.com,2011:
--- !u!243 &-7297599609455495978
AudioMixerGroupController:
  m_ObjectHideFlags: 0
  m_CorrespondingSourceObject: {fileID: 0}
  m_PrefabInstance: {fileID: 0}
  m_PrefabAsset: {fileID: 0}
  m_Name: Ambiance
  m_AudioMixer: {fileID: 24100000}
  m_GroupID: be0f073ddcf90ea42a3f731ba30e96c9
  m_Children: []
  m_Volume: 5ae9f9f4d1f82ef41be0f8a8e2324120
  m_Pitch: c407666f8eacdae47bae16e7a4d69d0b
  m_Send: 00000000000000000000000000000000
  m_Effects:
  - {fileID: -2467951180672206980}
  m_UserColorIndex: 0
  m_Mute: 0
  m_Solo: 0
  m_BypassEffects: 0
--- !u!243 &-6724508403553362734
AudioMixerGroupController:
  m_ObjectHideFlags: 0
  m_CorrespondingSourceObject: {fileID: 0}
  m_PrefabInstance: {fileID: 0}
  m_PrefabAsset: {fileID: 0}
  m_Name: Footstep
  m_AudioMixer: {fileID: 24100000}
  m_GroupID: 900140d9fc469e1408d2b012346fb319
  m_Children: []
  m_Volume: 472b8d03638715146914ab582fa13192
  m_Pitch: c092d7d92e7173240b13dc4a8e318e50
  m_Send: 00000000000000000000000000000000
  m_Effects:
  - {fileID: 6247399523635950693}
  m_UserColorIndex: 0
  m_Mute: 0
  m_Solo: 0
  m_BypassEffects: 0
--- !u!244 &-2467951180672206980
AudioMixerEffectController:
  m_ObjectHideFlags: 3
  m_CorrespondingSourceObject: {fileID: 0}
  m_PrefabInstance: {fileID: 0}
  m_PrefabAsset: {fileID: 0}
  m_Name: 
  m_EffectID: a16cbd665a1d9304091c7e6b2863b05a
  m_EffectName: Attenuation
  m_MixLevel: c9ee3db62b3b9814eacb78762112d165
  m_Parameters: []
  m_SendTarget: {fileID: 0}
  m_EnableWetMix: 0
  m_Bypass: 0
--- !u!243 &-2086593238603365908
AudioMixerGroupController:
  m_ObjectHideFlags: 0
  m_CorrespondingSourceObject: {fileID: 0}
  m_PrefabInstance: {fileID: 0}
  m_PrefabAsset: {fileID: 0}
  m_Name: Music
  m_AudioMixer: {fileID: 24100000}
  m_GroupID: f45869a42800a1844a4777a0d0ba3658
  m_Children: []
  m_Volume: 50c915cefb15fce4aabfce6a12a13dff
  m_Pitch: 2b52763abda04b342bb72606cb88bf13
  m_Send: 00000000000000000000000000000000
  m_Effects:
  - {fileID: 4726359511140291947}
  m_UserColorIndex: 0
  m_Mute: 0
  m_Solo: 0
  m_BypassEffects: 0
--- !u!241 &24100000
AudioMixerController:
  m_ObjectHideFlags: 0
  m_CorrespondingSourceObject: {fileID: 0}
  m_PrefabInstance: {fileID: 0}
  m_PrefabAsset: {fileID: 0}
  m_Name: EchoOpMixer
  m_OutputGroup: {fileID: 0}
  m_MasterGroup: {fileID: 24300002}
  m_Snapshots:
  - {fileID: 24500006}
  m_StartSnapshot: {fileID: 24500006}
  m_SuspendThreshold: -80
  m_EnableSuspend: 1
  m_UpdateMode: 0
  m_ExposedParameters: []
  m_AudioMixerGroupViews:
  - guids:
    - 00e6500a16c4b4347839dccfb84a7a49
    - f45869a42800a1844a4777a0d0ba3658
    - 900140d9fc469e1408d2b012346fb319
    - be0f073ddcf90ea42a3f731ba30e96c9
    name: View
  m_CurrentViewIndex: 0
  m_TargetSnapshot: {fileID: 24500006}
--- !u!243 &24300002
AudioMixerGroupController:
  m_ObjectHideFlags: 0
  m_CorrespondingSourceObject: {fileID: 0}
  m_PrefabInstance: {fileID: 0}
  m_PrefabAsset: {fileID: 0}
  m_Name: Master
  m_AudioMixer: {fileID: 24100000}
  m_GroupID: 00e6500a16c4b4347839dccfb84a7a49
  m_Children:
  - {fileID: -2086593238603365908}
  - {fileID: -6724508403553362734}
  - {fileID: -7297599609455495978}
  m_Volume: 8b6531a8242479046ae3b1d9c8a63598
  m_Pitch: d14c39b14c3581442b9c6ef7a80cffd4
  m_Send: 00000000000000000000000000000000
  m_Effects:
  - {fileID: 24400004}
  m_UserColorIndex: 0
  m_Mute: 0
  m_Solo: 0
  m_BypassEffects: 0
--- !u!244 &24400004
AudioMixerEffectController:
  m_ObjectHideFlags: 3
  m_CorrespondingSourceObject: {fileID: 0}
  m_PrefabInstance: {fileID: 0}
  m_PrefabAsset: {fileID: 0}
  m_Name: 
  m_EffectID: fdd3abb06f36ce44abf67a4136826053
  m_EffectName: Attenuation
  m_MixLevel: c81a0fbd4aeb609458bc22e1e58c13be
  m_Parameters: []
  m_SendTarget: {fileID: 0}
  m_EnableWetMix: 0
  m_Bypass: 0
--- !u!245 &24500006
AudioMixerSnapshotController:
  m_ObjectHideFlags: 0
  m_CorrespondingSourceObject: {fileID: 0}
  m_PrefabInstance: {fileID: 0}
  m_PrefabAsset: {fileID: 0}
  m_Name: Snapshot
  m_AudioMixer: {fileID: 24100000}
  m_SnapshotID: 4faa26fbdcf741d44a19cab4d8d1a72e
  m_FloatValues: {}
  m_TransitionOverrides: {}
--- !u!244 &4726359511140291947
AudioMixerEffectController:
  m_ObjectHideFlags: 3
  m_CorrespondingSourceObject: {fileID: 0}
  m_PrefabInstance: {fileID: 0}
  m_PrefabAsset: {fileID: 0}
  m_Name: 
  m_EffectID: 1daa72540fe9d1141afe5fbd695eed0d
  m_EffectName: Attenuation
  m_MixLevel: 4beaff44fbde8b94b882391691ddbc86
  m_Parameters: []
  m_SendTarget: {fileID: 0}
  m_EnableWetMix: 0
  m_Bypass: 0
--- !u!244 &6247399523635950693
AudioMixerEffectController:
  m_ObjectHideFlags: 3
  m_CorrespondingSourceObject: {fileID: 0}
  m_PrefabInstance: {fileID: 0}
  m_PrefabAsset: {fileID: 0}
  m_Name: 
  m_EffectID: 92a6ff96ff48a114aac5f5d943e5e725
  m_EffectName: Attenuation
  m_MixLevel: 9d0503ecdbc386041aa89479ba58ec88
  m_Parameters: []
  m_SendTarget: {fileID: 0}
  m_EnableWetMix: 0
  m_Bypass: 0
