%YAML 1.1
%TAG !u! tag:unity3d.com,2011:
--- !u!29 &1
OcclusionCullingSettings:
  m_ObjectHideFlags: 0
  serializedVersion: 2
  m_OcclusionBakeSettings:
    smallestOccluder: 5
    smallestHole: 0.25
    backfaceThreshold: 100
  m_SceneGUID: 00000000000000000000000000000000
  m_OcclusionCullingData: {fileID: 0}
--- !u!104 &2
RenderSettings:
  m_ObjectHideFlags: 0
  serializedVersion: 9
  m_Fog: 0
  m_FogColor: {r: 0.5, g: 0.5, b: 0.5, a: 1}
  m_FogMode: 3
  m_FogDensity: 0.01
  m_LinearFogStart: 0
  m_LinearFogEnd: 300
  m_AmbientSkyColor: {r: 0.212, g: 0.227, b: 0.259, a: 1}
  m_AmbientEquatorColor: {r: 0.114, g: 0.125, b: 0.133, a: 1}
  m_AmbientGroundColor: {r: 0.047, g: 0.043, b: 0.035, a: 1}
  m_AmbientIntensity: 1
  m_AmbientMode: 0
  m_SubtractiveShadowColor: {r: 0.42, g: 0.478, b: 0.627, a: 1}
  m_SkyboxMaterial: {fileID: 10304, guid: 0000000000000000f000000000000000, type: 0}
  m_HaloStrength: 0.5
  m_FlareStrength: 1
  m_FlareFadeSpeed: 3
  m_HaloTexture: {fileID: 0}
  m_SpotCookie: {fileID: 10001, guid: 0000000000000000e000000000000000, type: 0}
  m_DefaultReflectionMode: 0
  m_DefaultReflectionResolution: 128
  m_ReflectionBounces: 1
  m_ReflectionIntensity: 1
  m_CustomReflection: {fileID: 0}
  m_Sun: {fileID: 705507994}
  m_IndirectSpecularColor: {r: 0.18028378, g: 0.22571412, b: 0.30692285, a: 1}
  m_UseRadianceAmbientProbe: 0
--- !u!157 &3
LightmapSettings:
  m_ObjectHideFlags: 0
  serializedVersion: 12
  m_GIWorkflowMode: 1
  m_GISettings:
    serializedVersion: 2
    m_BounceScale: 1
    m_IndirectOutputScale: 1
    m_AlbedoBoost: 1
    m_EnvironmentLightingMode: 0
    m_EnableBakedLightmaps: 1
    m_EnableRealtimeLightmaps: 0
  m_LightmapEditorSettings:
    serializedVersion: 12
    m_Resolution: 2
    m_BakeResolution: 40
    m_AtlasSize: 1024
    m_AO: 0
    m_AOMaxDistance: 1
    m_CompAOExponent: 1
    m_CompAOExponentDirect: 0
    m_ExtractAmbientOcclusion: 0
    m_Padding: 2
    m_LightmapParameters: {fileID: 0}
    m_LightmapsBakeMode: 1
    m_TextureCompression: 1
    m_FinalGather: 0
    m_FinalGatherFiltering: 1
    m_FinalGatherRayCount: 256
    m_ReflectionCompression: 2
    m_MixedBakeMode: 2
    m_BakeBackend: 1
    m_PVRSampling: 1
    m_PVRDirectSampleCount: 32
    m_PVRSampleCount: 500
    m_PVRBounces: 2
    m_PVREnvironmentSampleCount: 500
    m_PVREnvironmentReferencePointCount: 2048
    m_PVRFilteringMode: 2
    m_PVRDenoiserTypeDirect: 0
    m_PVRDenoiserTypeIndirect: 0
    m_PVRDenoiserTypeAO: 0
    m_PVRFilterTypeDirect: 0
    m_PVRFilterTypeIndirect: 0
    m_PVRFilterTypeAO: 0
    m_PVREnvironmentMIS: 0
    m_PVRCulling: 1
    m_PVRFilteringGaussRadiusDirect: 1
    m_PVRFilteringGaussRadiusIndirect: 5
    m_PVRFilteringGaussRadiusAO: 2
    m_PVRFilteringAtrousPositionSigmaDirect: 0.5
    m_PVRFilteringAtrousPositionSigmaIndirect: 2
    m_PVRFilteringAtrousPositionSigmaAO: 1
    m_ExportTrainingData: 0
    m_TrainingDataDestination: TrainingData
    m_LightProbeSampleCountMultiplier: 4
  m_LightingDataAsset: {fileID: 0}
  m_LightingSettings: {fileID: 0}
--- !u!196 &4
NavMeshSettings:
  serializedVersion: 2
  m_ObjectHideFlags: 0
  m_BuildSettings:
    serializedVersion: 2
    agentTypeID: 0
    agentRadius: 0.5
    agentHeight: 2
    agentSlope: 45
    agentClimb: 0.4
    ledgeDropHeight: 0
    maxJumpAcrossDistance: 0
    minRegionArea: 2
    manualCellSize: 0
    cellSize: 0.16666667
    manualTileSize: 0
    tileSize: 256
    accuratePlacement: 0
    maxJobWorkers: 0
    preserveTilesOutsideBounds: 0
    debug:
      m_Flags: 0
  m_NavMeshData: {fileID: 0}
--- !u!1 &22161142
GameObject:
  m_ObjectHideFlags: 0
  m_CorrespondingSourceObject: {fileID: 0}
  m_PrefabInstance: {fileID: 0}
  m_PrefabAsset: {fileID: 0}
  serializedVersion: 6
  m_Component:
  - component: {fileID: 22161146}
  - component: {fileID: 22161145}
  - component: {fileID: 22161144}
  - component: {fileID: 22161143}
  m_Layer: 0
  m_Name: Plane
  m_TagString: Untagged
  m_Icon: {fileID: 0}
  m_NavMeshLayer: 0
  m_StaticEditorFlags: 0
  m_IsActive: 1
--- !u!64 &22161143
MeshCollider:
  m_ObjectHideFlags: 0
  m_CorrespondingSourceObject: {fileID: 0}
  m_PrefabInstance: {fileID: 0}
  m_PrefabAsset: {fileID: 0}
  m_GameObject: {fileID: 22161142}
  m_Material: {fileID: 0}
  m_IsTrigger: 0
  m_Enabled: 1
  serializedVersion: 4
  m_Convex: 0
  m_CookingOptions: 30
  m_Mesh: {fileID: 10209, guid: 0000000000000000e000000000000000, type: 0}
--- !u!23 &22161144
MeshRenderer:
  m_ObjectHideFlags: 0
  m_CorrespondingSourceObject: {fileID: 0}
  m_PrefabInstance: {fileID: 0}
  m_PrefabAsset: {fileID: 0}
  m_GameObject: {fileID: 22161142}
  m_Enabled: 1
  m_CastShadows: 1
  m_ReceiveShadows: 1
  m_DynamicOccludee: 1
  m_MotionVectors: 1
  m_LightProbeUsage: 1
  m_ReflectionProbeUsage: 1
  m_RayTracingMode: 2
  m_RayTraceProcedural: 0
  m_RenderingLayerMask: 1
  m_RendererPriority: 0
  m_Materials:
  - {fileID: 10303, guid: 0000000000000000f000000000000000, type: 0}
  m_StaticBatchInfo:
    firstSubMesh: 0
    subMeshCount: 0
  m_StaticBatchRoot: {fileID: 0}
  m_ProbeAnchor: {fileID: 0}
  m_LightProbeVolumeOverride: {fileID: 0}
  m_ScaleInLightmap: 1
  m_ReceiveGI: 1
  m_PreserveUVs: 0
  m_IgnoreNormalsForChartDetection: 0
  m_ImportantGI: 0
  m_StitchLightmapSeams: 1
  m_SelectedEditorRenderState: 3
  m_MinimumChartSize: 4
  m_AutoUVMaxDistance: 0.5
  m_AutoUVMaxAngle: 89
  m_LightmapParameters: {fileID: 0}
  m_SortingLayerID: 0
  m_SortingLayer: 0
  m_SortingOrder: 0
  m_AdditionalVertexStreams: {fileID: 0}
--- !u!33 &22161145
MeshFilter:
  m_ObjectHideFlags: 0
  m_CorrespondingSourceObject: {fileID: 0}
  m_PrefabInstance: {fileID: 0}
  m_PrefabAsset: {fileID: 0}
  m_GameObject: {fileID: 22161142}
  m_Mesh: {fileID: 10209, guid: 0000000000000000e000000000000000, type: 0}
--- !u!4 &22161146
Transform:
  m_ObjectHideFlags: 0
  m_CorrespondingSourceObject: {fileID: 0}
  m_PrefabInstance: {fileID: 0}
  m_PrefabAsset: {fileID: 0}
  m_GameObject: {fileID: 22161142}
  m_LocalRotation: {x: 0, y: 0, z: 0, w: 1}
  m_LocalPosition: {x: 0, y: 0, z: 0}
  m_LocalScale: {x: 1, y: 1, z: 1}
  m_Children: []
  m_Father: {fileID: 0}
  m_RootOrder: 3
  m_LocalEulerAnglesHint: {x: 0, y: 0, z: 0}
--- !u!4 &335789471 stripped
Transform:
  m_CorrespondingSourceObject: {fileID: 8063073397250431797, guid: f0271df749728104eac22c3d897fd8ce,
    type: 3}
  m_PrefabInstance: {fileID: 9200364198852508308}
  m_PrefabAsset: {fileID: 0}
--- !u!1 &382477566
GameObject:
  m_ObjectHideFlags: 0
  m_CorrespondingSourceObject: {fileID: 0}
  m_PrefabInstance: {fileID: 0}
  m_PrefabAsset: {fileID: 0}
  serializedVersion: 6
  m_Component:
  - component: {fileID: 382477568}
  - component: {fileID: 382477567}
  m_Layer: 0
  m_Name: GameInfo
  m_TagString: Untagged
  m_Icon: {fileID: 0}
  m_NavMeshLayer: 0
  m_StaticEditorFlags: 0
  m_IsActive: 1
--- !u!114 &382477567
MonoBehaviour:
  m_ObjectHideFlags: 0
  m_CorrespondingSourceObject: {fileID: 0}
  m_PrefabInstance: {fileID: 0}
  m_PrefabAsset: {fileID: 0}
  m_GameObject: {fileID: 382477566}
  m_Enabled: 1
  m_EditorHideFlags: 0
  m_Script: {fileID: 11500000, guid: d627a36fd27c11d4ca46f8b63a2a61f7, type: 3}
  m_Name: 
  m_EditorClassIdentifier: 
--- !u!4 &382477568
Transform:
  m_ObjectHideFlags: 0
  m_CorrespondingSourceObject: {fileID: 0}
  m_PrefabInstance: {fileID: 0}
  m_PrefabAsset: {fileID: 0}
  m_GameObject: {fileID: 382477566}
  m_LocalRotation: {x: 0, y: 0, z: 0, w: 1}
  m_LocalPosition: {x: 0, y: 0, z: 0}
  m_LocalScale: {x: 1, y: 1, z: 1}
  m_Children: []
  m_Father: {fileID: 0}
  m_RootOrder: 4
  m_LocalEulerAnglesHint: {x: 0, y: 0, z: 0}
--- !u!224 &467346517 stripped
RectTransform:
  m_CorrespondingSourceObject: {fileID: 8892224244125084019, guid: 9e55d9b4642484f41be20c69a9b48063,
    type: 3}
  m_PrefabInstance: {fileID: 1678175559}
  m_PrefabAsset: {fileID: 0}
--- !u!1001 &606767928
PrefabInstance:
  m_ObjectHideFlags: 0
  serializedVersion: 2
  m_Modification:
    m_TransformParent: {fileID: 8639120910034268157}
    m_Modifications:
    - target: {fileID: 4475312012745311020, guid: c82978c3789dad44da354dc354c782b2,
        type: 3}
      propertyPath: m_Pivot.x
      value: 0.5
      objectReference: {fileID: 0}
    - target: {fileID: 4475312012745311020, guid: c82978c3789dad44da354dc354c782b2,
        type: 3}
      propertyPath: m_Pivot.y
      value: 0.5
      objectReference: {fileID: 0}
    - target: {fileID: 4475312012745311020, guid: c82978c3789dad44da354dc354c782b2,
        type: 3}
      propertyPath: m_RootOrder
      value: 1
      objectReference: {fileID: 0}
    - target: {fileID: 4475312012745311020, guid: c82978c3789dad44da354dc354c782b2,
        type: 3}
      propertyPath: m_AnchorMax.x
      value: 1
      objectReference: {fileID: 0}
    - target: {fileID: 4475312012745311020, guid: c82978c3789dad44da354dc354c782b2,
        type: 3}
      propertyPath: m_AnchorMax.y
      value: 1
      objectReference: {fileID: 0}
    - target: {fileID: 4475312012745311020, guid: c82978c3789dad44da354dc354c782b2,
        type: 3}
      propertyPath: m_AnchorMin.x
      value: 1
      objectReference: {fileID: 0}
    - target: {fileID: 4475312012745311020, guid: c82978c3789dad44da354dc354c782b2,
        type: 3}
      propertyPath: m_AnchorMin.y
      value: 0
      objectReference: {fileID: 0}
    - target: {fileID: 4475312012745311020, guid: c82978c3789dad44da354dc354c782b2,
        type: 3}
      propertyPath: m_SizeDelta.x
      value: 991.5
      objectReference: {fileID: 0}
    - target: {fileID: 4475312012745311020, guid: c82978c3789dad44da354dc354c782b2,
        type: 3}
      propertyPath: m_SizeDelta.y
      value: 0
      objectReference: {fileID: 0}
    - target: {fileID: 4475312012745311020, guid: c82978c3789dad44da354dc354c782b2,
        type: 3}
      propertyPath: m_LocalPosition.x
      value: 0
      objectReference: {fileID: 0}
    - target: {fileID: 4475312012745311020, guid: c82978c3789dad44da354dc354c782b2,
        type: 3}
      propertyPath: m_LocalPosition.y
      value: 0
      objectReference: {fileID: 0}
    - target: {fileID: 4475312012745311020, guid: c82978c3789dad44da354dc354c782b2,
        type: 3}
      propertyPath: m_LocalPosition.z
      value: 0
      objectReference: {fileID: 0}
    - target: {fileID: 4475312012745311020, guid: c82978c3789dad44da354dc354c782b2,
        type: 3}
      propertyPath: m_LocalRotation.w
      value: 1
      objectReference: {fileID: 0}
    - target: {fileID: 4475312012745311020, guid: c82978c3789dad44da354dc354c782b2,
        type: 3}
      propertyPath: m_LocalRotation.x
      value: 0
      objectReference: {fileID: 0}
    - target: {fileID: 4475312012745311020, guid: c82978c3789dad44da354dc354c782b2,
        type: 3}
      propertyPath: m_LocalRotation.y
      value: 0
      objectReference: {fileID: 0}
    - target: {fileID: 4475312012745311020, guid: c82978c3789dad44da354dc354c782b2,
        type: 3}
      propertyPath: m_LocalRotation.z
      value: 0
      objectReference: {fileID: 0}
    - target: {fileID: 4475312012745311020, guid: c82978c3789dad44da354dc354c782b2,
        type: 3}
      propertyPath: m_AnchoredPosition.x
      value: -416.1
      objectReference: {fileID: 0}
    - target: {fileID: 4475312012745311020, guid: c82978c3789dad44da354dc354c782b2,
        type: 3}
      propertyPath: m_AnchoredPosition.y
      value: 0
      objectReference: {fileID: 0}
    - target: {fileID: 4475312012745311020, guid: c82978c3789dad44da354dc354c782b2,
        type: 3}
      propertyPath: m_LocalEulerAnglesHint.x
      value: 0
      objectReference: {fileID: 0}
    - target: {fileID: 4475312012745311020, guid: c82978c3789dad44da354dc354c782b2,
        type: 3}
      propertyPath: m_LocalEulerAnglesHint.y
      value: 0
      objectReference: {fileID: 0}
    - target: {fileID: 4475312012745311020, guid: c82978c3789dad44da354dc354c782b2,
        type: 3}
      propertyPath: m_LocalEulerAnglesHint.z
      value: 0
      objectReference: {fileID: 0}
    - target: {fileID: 4475312012745311023, guid: c82978c3789dad44da354dc354c782b2,
        type: 3}
      propertyPath: m_Name
      value: UI_Virtual_TouchZone
      objectReference: {fileID: 0}
    - target: {fileID: 4767772227563435448, guid: c82978c3789dad44da354dc354c782b2,
        type: 3}
      propertyPath: magnitudeMultiplier
      value: 100
      objectReference: {fileID: 0}
    - target: {fileID: 4767772227563435448, guid: c82978c3789dad44da354dc354c782b2,
        type: 3}
      propertyPath: touchZoneOutputEvent.m_PersistentCalls.m_Calls.Array.data[0].m_Target
      value: 
      objectReference: {fileID: 9200364199819580185}
    - target: {fileID: 4767772227563435448, guid: c82978c3789dad44da354dc354c782b2,
        type: 3}
      propertyPath: touchZoneOutputEvent.m_PersistentCalls.m_Calls.Array.data[0].m_MethodName
      value: VirtualLookInput
      objectReference: {fileID: 0}
    - target: {fileID: 4767772227563435448, guid: c82978c3789dad44da354dc354c782b2,
        type: 3}
      propertyPath: touchZoneOutputEvent.m_PersistentCalls.m_Calls.Array.data[0].m_TargetAssemblyTypeName
      value: StarterAssets.UICanvasControllerInput, Assembly-CSharp
      objectReference: {fileID: 0}
    - target: {fileID: 4767772227563435449, guid: c82978c3789dad44da354dc354c782b2,
        type: 3}
      propertyPath: m_Maskable
      value: 1
      objectReference: {fileID: 0}
    m_RemovedComponents: []
  m_SourcePrefab: {fileID: 100100000, guid: c82978c3789dad44da354dc354c782b2, type: 3}
--- !u!4 &678190964 stripped
Transform:
  m_CorrespondingSourceObject: {fileID: 4135013735270702856, guid: c5efc39a8aaf6e64ea40e9ad573e9b47,
    type: 3}
  m_PrefabInstance: {fileID: 3852493583879841542}
  m_PrefabAsset: {fileID: 0}
--- !u!1 &705507993
GameObject:
  m_ObjectHideFlags: 0
  m_CorrespondingSourceObject: {fileID: 0}
  m_PrefabInstance: {fileID: 0}
  m_PrefabAsset: {fileID: 0}
  serializedVersion: 6
  m_Component:
  - component: {fileID: 705507995}
  - component: {fileID: 705507994}
  m_Layer: 0
  m_Name: Directional Light
  m_TagString: Untagged
  m_Icon: {fileID: 0}
  m_NavMeshLayer: 0
  m_StaticEditorFlags: 0
  m_IsActive: 1
--- !u!108 &705507994
Light:
  m_ObjectHideFlags: 0
  m_CorrespondingSourceObject: {fileID: 0}
  m_PrefabInstance: {fileID: 0}
  m_PrefabAsset: {fileID: 0}
  m_GameObject: {fileID: 705507993}
  m_Enabled: 1
  serializedVersion: 10
  m_Type: 1
  m_Shape: 0
  m_Color: {r: 1, g: 0.95686275, b: 0.8392157, a: 1}
  m_Intensity: 1
  m_Range: 10
  m_SpotAngle: 30
  m_InnerSpotAngle: 21.80208
  m_CookieSize: 10
  m_Shadows:
    m_Type: 2
    m_Resolution: -1
    m_CustomResolution: -1
    m_Strength: 1
    m_Bias: 0.05
    m_NormalBias: 0.4
    m_NearPlane: 0.2
    m_CullingMatrixOverride:
      e00: 1
      e01: 0
      e02: 0
      e03: 0
      e10: 0
      e11: 1
      e12: 0
      e13: 0
      e20: 0
      e21: 0
      e22: 1
      e23: 0
      e30: 0
      e31: 0
      e32: 0
      e33: 1
    m_UseCullingMatrixOverride: 0
  m_Cookie: {fileID: 0}
  m_DrawHalo: 0
  m_Flare: {fileID: 0}
  m_RenderMode: 0
  m_CullingMask:
    serializedVersion: 2
    m_Bits: 4294967295
  m_RenderingLayerMask: 1
  m_Lightmapping: 1
  m_LightShadowCasterMode: 0
  m_AreaSize: {x: 1, y: 1}
  m_BounceIntensity: 1
  m_ColorTemperature: 6570
  m_UseColorTemperature: 0
  m_BoundingSphereOverride: {x: 0, y: 0, z: 0, w: 0}
  m_UseBoundingSphereOverride: 0
  m_UseViewFrustumForShadowCasterCull: 1
  m_ShadowRadius: 0
  m_ShadowAngle: 0
--- !u!4 &705507995
Transform:
  m_ObjectHideFlags: 0
  m_CorrespondingSourceObject: {fileID: 0}
  m_PrefabInstance: {fileID: 0}
  m_PrefabAsset: {fileID: 0}
  m_GameObject: {fileID: 705507993}
  m_LocalRotation: {x: 0.40821788, y: -0.23456968, z: 0.10938163, w: 0.8754261}
  m_LocalPosition: {x: 0, y: 3, z: 0}
  m_LocalScale: {x: 1, y: 1, z: 1}
  m_Children: []
  m_Father: {fileID: 0}
  m_RootOrder: 2
  m_LocalEulerAnglesHint: {x: 50, y: -30, z: 0}
--- !u!1 &735029047
GameObject:
  m_ObjectHideFlags: 0
  m_CorrespondingSourceObject: {fileID: 0}
  m_PrefabInstance: {fileID: 0}
  m_PrefabAsset: {fileID: 0}
  serializedVersion: 6
  m_Component:
  - component: {fileID: 735029048}
  - component: {fileID: 735029049}
  m_Layer: 0
  m_Name: GameManager
  m_TagString: Untagged
  m_Icon: {fileID: 0}
  m_NavMeshLayer: 0
  m_StaticEditorFlags: 0
  m_IsActive: 1
--- !u!4 &735029048
Transform:
  m_ObjectHideFlags: 0
  m_CorrespondingSourceObject: {fileID: 0}
  m_PrefabInstance: {fileID: 0}
  m_PrefabAsset: {fileID: 0}
  m_GameObject: {fileID: 735029047}
  m_LocalRotation: {x: 0, y: 0, z: 0, w: 1}
  m_LocalPosition: {x: 0, y: 0, z: 0}
  m_LocalScale: {x: 1, y: 1, z: 1}
  m_Children: []
  m_Father: {fileID: 0}
  m_RootOrder: 1
  m_LocalEulerAnglesHint: {x: 0, y: 0, z: 0}
--- !u!114 &735029049
MonoBehaviour:
  m_ObjectHideFlags: 0
  m_CorrespondingSourceObject: {fileID: 0}
  m_PrefabInstance: {fileID: 0}
  m_PrefabAsset: {fileID: 0}
  m_GameObject: {fileID: 735029047}
  m_Enabled: 1
  m_EditorHideFlags: 0
  m_Script: {fileID: 11500000, guid: 0ced239d3bcc6fe4a8098a428912d92d, type: 3}
  m_Name: 
  m_EditorClassIdentifier: 
  Player: {fileID: 5673163240579846672, guid: 964b51fc07e47c1458284735d8fbc829, type: 3}
--- !u!4 &1007964972 stripped
Transform:
  m_CorrespondingSourceObject: {fileID: 8762286023885395322, guid: 9c489a8547f4d9e4387da15a4ff82c81,
    type: 3}
  m_PrefabInstance: {fileID: 1912553744699278848}
  m_PrefabAsset: {fileID: 0}
--- !u!224 &1137356714 stripped
RectTransform:
  m_CorrespondingSourceObject: {fileID: 4475312012745311020, guid: c82978c3789dad44da354dc354c782b2,
    type: 3}
  m_PrefabInstance: {fileID: 606767928}
  m_PrefabAsset: {fileID: 0}
--- !u!1001 &1678175559
PrefabInstance:
  m_ObjectHideFlags: 0
  serializedVersion: 2
  m_Modification:
    m_TransformParent: {fileID: 8639120910034268157}
    m_Modifications:
    - target: {fileID: 4091757288130996202, guid: 9e55d9b4642484f41be20c69a9b48063,
        type: 3}
      propertyPath: m_Name
      value: UI_Virtual_Button
      objectReference: {fileID: 0}
    - target: {fileID: 8892224244125084019, guid: 9e55d9b4642484f41be20c69a9b48063,
        type: 3}
      propertyPath: m_Pivot.x
      value: 0.5
      objectReference: {fileID: 0}
    - target: {fileID: 8892224244125084019, guid: 9e55d9b4642484f41be20c69a9b48063,
        type: 3}
      propertyPath: m_Pivot.y
      value: 0.5
      objectReference: {fileID: 0}
    - target: {fileID: 8892224244125084019, guid: 9e55d9b4642484f41be20c69a9b48063,
        type: 3}
      propertyPath: m_RootOrder
      value: 2
      objectReference: {fileID: 0}
    - target: {fileID: 8892224244125084019, guid: 9e55d9b4642484f41be20c69a9b48063,
        type: 3}
      propertyPath: m_AnchorMax.x
      value: 1
      objectReference: {fileID: 0}
    - target: {fileID: 8892224244125084019, guid: 9e55d9b4642484f41be20c69a9b48063,
        type: 3}
      propertyPath: m_AnchorMax.y
      value: 0
      objectReference: {fileID: 0}
    - target: {fileID: 8892224244125084019, guid: 9e55d9b4642484f41be20c69a9b48063,
        type: 3}
      propertyPath: m_AnchorMin.x
      value: 1
      objectReference: {fileID: 0}
    - target: {fileID: 8892224244125084019, guid: 9e55d9b4642484f41be20c69a9b48063,
        type: 3}
      propertyPath: m_AnchorMin.y
      value: 0
      objectReference: {fileID: 0}
    - target: {fileID: 8892224244125084019, guid: 9e55d9b4642484f41be20c69a9b48063,
        type: 3}
      propertyPath: m_SizeDelta.x
      value: 200
      objectReference: {fileID: 0}
    - target: {fileID: 8892224244125084019, guid: 9e55d9b4642484f41be20c69a9b48063,
        type: 3}
      propertyPath: m_SizeDelta.y
      value: 200
      objectReference: {fileID: 0}
    - target: {fileID: 8892224244125084019, guid: 9e55d9b4642484f41be20c69a9b48063,
        type: 3}
      propertyPath: m_LocalPosition.x
      value: 0
      objectReference: {fileID: 0}
    - target: {fileID: 8892224244125084019, guid: 9e55d9b4642484f41be20c69a9b48063,
        type: 3}
      propertyPath: m_LocalPosition.y
      value: 0
      objectReference: {fileID: 0}
    - target: {fileID: 8892224244125084019, guid: 9e55d9b4642484f41be20c69a9b48063,
        type: 3}
      propertyPath: m_LocalPosition.z
      value: 0
      objectReference: {fileID: 0}
    - target: {fileID: 8892224244125084019, guid: 9e55d9b4642484f41be20c69a9b48063,
        type: 3}
      propertyPath: m_LocalRotation.w
      value: 1
      objectReference: {fileID: 0}
    - target: {fileID: 8892224244125084019, guid: 9e55d9b4642484f41be20c69a9b48063,
        type: 3}
      propertyPath: m_LocalRotation.x
      value: 0
      objectReference: {fileID: 0}
    - target: {fileID: 8892224244125084019, guid: 9e55d9b4642484f41be20c69a9b48063,
        type: 3}
      propertyPath: m_LocalRotation.y
      value: 0
      objectReference: {fileID: 0}
    - target: {fileID: 8892224244125084019, guid: 9e55d9b4642484f41be20c69a9b48063,
        type: 3}
      propertyPath: m_LocalRotation.z
      value: 0
      objectReference: {fileID: 0}
    - target: {fileID: 8892224244125084019, guid: 9e55d9b4642484f41be20c69a9b48063,
        type: 3}
      propertyPath: m_AnchoredPosition.x
      value: -100
      objectReference: {fileID: 0}
    - target: {fileID: 8892224244125084019, guid: 9e55d9b4642484f41be20c69a9b48063,
        type: 3}
      propertyPath: m_AnchoredPosition.y
      value: 100
      objectReference: {fileID: 0}
    - target: {fileID: 8892224244125084019, guid: 9e55d9b4642484f41be20c69a9b48063,
        type: 3}
      propertyPath: m_LocalEulerAnglesHint.x
      value: 0
      objectReference: {fileID: 0}
    - target: {fileID: 8892224244125084019, guid: 9e55d9b4642484f41be20c69a9b48063,
        type: 3}
      propertyPath: m_LocalEulerAnglesHint.y
      value: 0
      objectReference: {fileID: 0}
    - target: {fileID: 8892224244125084019, guid: 9e55d9b4642484f41be20c69a9b48063,
        type: 3}
      propertyPath: m_LocalEulerAnglesHint.z
      value: 0
      objectReference: {fileID: 0}
    m_RemovedComponents: []
  m_SourcePrefab: {fileID: 100100000, guid: 9e55d9b4642484f41be20c69a9b48063, type: 3}
--- !u!224 &1834986883 stripped
RectTransform:
  m_CorrespondingSourceObject: {fileID: 1407806550736918862, guid: 6eb08bfc0fd869c47b796c42ada099da,
    type: 3}
  m_PrefabInstance: {fileID: 3250778210621558593}
  m_PrefabAsset: {fileID: 0}
--- !u!114 &1902497235 stripped
MonoBehaviour:
  m_CorrespondingSourceObject: {fileID: 5420857361349278248, guid: c5efc39a8aaf6e64ea40e9ad573e9b47,
    type: 3}
  m_PrefabInstance: {fileID: 3852493583879841542}
  m_PrefabAsset: {fileID: 0}
  m_GameObject: {fileID: 0}
  m_Enabled: 1
  m_EditorHideFlags: 0
  m_Script: {fileID: 11500000, guid: e087ecce43ebbff45a1b360637807d93, type: 3}
  m_Name: 
  m_EditorClassIdentifier: 
--- !u!4 &1902497240 stripped
Transform:
  m_CorrespondingSourceObject: {fileID: 8997996947095583982, guid: c5efc39a8aaf6e64ea40e9ad573e9b47,
    type: 3}
  m_PrefabInstance: {fileID: 3852493583879841542}
  m_PrefabAsset: {fileID: 0}
--- !u!114 &345689496619188867
MonoBehaviour:
  m_ObjectHideFlags: 0
  m_CorrespondingSourceObject: {fileID: 0}
  m_PrefabInstance: {fileID: 0}
  m_PrefabAsset: {fileID: 0}
  m_GameObject: {fileID: 2458827200232164339}
  m_Enabled: 1
  m_EditorHideFlags: 0
  m_Script: {fileID: 11500000, guid: 901182334643ba1438a25accc6bd0c79, type: 3}
  m_Name: 
  m_EditorClassIdentifier: 
--- !u!1001 &1422246035356850436
PrefabInstance:
  m_ObjectHideFlags: 0
  serializedVersion: 2
  m_Modification:
    m_TransformParent: {fileID: 0}
    m_Modifications:
    - target: {fileID: 9005220659476430818, guid: 2d3a85ecde41a8246a79669975912b74,
        type: 3}
      propertyPath: m_RootOrder
      value: 0
      objectReference: {fileID: 0}
    - target: {fileID: 9005220659476430818, guid: 2d3a85ecde41a8246a79669975912b74,
        type: 3}
      propertyPath: m_LocalPosition.x
      value: 0.20000005
      objectReference: {fileID: 0}
    - target: {fileID: 9005220659476430818, guid: 2d3a85ecde41a8246a79669975912b74,
        type: 3}
      propertyPath: m_LocalPosition.y
      value: 1.375
      objectReference: {fileID: 0}
    - target: {fileID: 9005220659476430818, guid: 2d3a85ecde41a8246a79669975912b74,
        type: 3}
      propertyPath: m_LocalPosition.z
      value: -10.63
      objectReference: {fileID: 0}
    - target: {fileID: 9005220659476430818, guid: 2d3a85ecde41a8246a79669975912b74,
        type: 3}
      propertyPath: m_LocalRotation.w
      value: 1
      objectReference: {fileID: 0}
    - target: {fileID: 9005220659476430818, guid: 2d3a85ecde41a8246a79669975912b74,
        type: 3}
      propertyPath: m_LocalRotation.x
      value: 0
      objectReference: {fileID: 0}
    - target: {fileID: 9005220659476430818, guid: 2d3a85ecde41a8246a79669975912b74,
        type: 3}
      propertyPath: m_LocalRotation.y
      value: 0
      objectReference: {fileID: 0}
    - target: {fileID: 9005220659476430818, guid: 2d3a85ecde41a8246a79669975912b74,
        type: 3}
      propertyPath: m_LocalRotation.z
      value: 0
      objectReference: {fileID: 0}
    - target: {fileID: 9005220659476430818, guid: 2d3a85ecde41a8246a79669975912b74,
        type: 3}
      propertyPath: m_LocalEulerAnglesHint.x
      value: 0
      objectReference: {fileID: 0}
    - target: {fileID: 9005220659476430818, guid: 2d3a85ecde41a8246a79669975912b74,
        type: 3}
      propertyPath: m_LocalEulerAnglesHint.y
      value: 0
      objectReference: {fileID: 0}
    - target: {fileID: 9005220659476430818, guid: 2d3a85ecde41a8246a79669975912b74,
        type: 3}
      propertyPath: m_LocalEulerAnglesHint.z
      value: 0
      objectReference: {fileID: 0}
    - target: {fileID: 9005220659476430821, guid: 2d3a85ecde41a8246a79669975912b74,
        type: 3}
      propertyPath: far clip plane
      value: 500
      objectReference: {fileID: 0}
    - target: {fileID: 9005220659476430823, guid: 2d3a85ecde41a8246a79669975912b74,
        type: 3}
      propertyPath: m_Name
      value: MainCamera
      objectReference: {fileID: 0}
    - target: {fileID: 9018249871969862650, guid: 2d3a85ecde41a8246a79669975912b74,
        type: 3}
      propertyPath: m_ShowDebugText
      value: 0
      objectReference: {fileID: 0}
    - target: {fileID: 9018249871969862650, guid: 2d3a85ecde41a8246a79669975912b74,
        type: 3}
      propertyPath: m_IgnoreTimeScale
      value: 0
      objectReference: {fileID: 0}
    - target: {fileID: 9018249871969862650, guid: 2d3a85ecde41a8246a79669975912b74,
        type: 3}
      propertyPath: m_ShowCameraFrustum
      value: 1
      objectReference: {fileID: 0}
    m_RemovedComponents: []
  m_SourcePrefab: {fileID: 100100000, guid: 2d3a85ecde41a8246a79669975912b74, type: 3}
--- !u!1001 &1912553744699278848
PrefabInstance:
  m_ObjectHideFlags: 0
  serializedVersion: 2
  m_Modification:
    m_TransformParent: {fileID: 2186304424338613818}
    m_Modifications:
    - target: {fileID: 8762286023885395077, guid: 9c489a8547f4d9e4387da15a4ff82c81,
        type: 3}
      propertyPath: m_Name
      value: PlayerFollowCamera
      objectReference: {fileID: 0}
    - target: {fileID: 8762286023885395322, guid: 9c489a8547f4d9e4387da15a4ff82c81,
        type: 3}
      propertyPath: m_RootOrder
      value: 0
      objectReference: {fileID: 0}
    - target: {fileID: 8762286023885395322, guid: 9c489a8547f4d9e4387da15a4ff82c81,
        type: 3}
      propertyPath: m_LocalPosition.x
      value: -22.010216
      objectReference: {fileID: 0}
    - target: {fileID: 8762286023885395322, guid: 9c489a8547f4d9e4387da15a4ff82c81,
        type: 3}
      propertyPath: m_LocalPosition.y
      value: 10.161317
      objectReference: {fileID: 0}
    - target: {fileID: 8762286023885395322, guid: 9c489a8547f4d9e4387da15a4ff82c81,
        type: 3}
      propertyPath: m_LocalPosition.z
      value: -23.948788
      objectReference: {fileID: 0}
    - target: {fileID: 8762286023885395322, guid: 9c489a8547f4d9e4387da15a4ff82c81,
        type: 3}
      propertyPath: m_LocalRotation.w
      value: 1
      objectReference: {fileID: 0}
    - target: {fileID: 8762286023885395322, guid: 9c489a8547f4d9e4387da15a4ff82c81,
        type: 3}
      propertyPath: m_LocalRotation.x
      value: -0
      objectReference: {fileID: 0}
    - target: {fileID: 8762286023885395322, guid: 9c489a8547f4d9e4387da15a4ff82c81,
        type: 3}
      propertyPath: m_LocalRotation.y
      value: -0
      objectReference: {fileID: 0}
    - target: {fileID: 8762286023885395322, guid: 9c489a8547f4d9e4387da15a4ff82c81,
        type: 3}
      propertyPath: m_LocalRotation.z
      value: -0
      objectReference: {fileID: 0}
    - target: {fileID: 8762286023885395322, guid: 9c489a8547f4d9e4387da15a4ff82c81,
        type: 3}
      propertyPath: m_LocalEulerAnglesHint.x
      value: 0
      objectReference: {fileID: 0}
    - target: {fileID: 8762286023885395322, guid: 9c489a8547f4d9e4387da15a4ff82c81,
        type: 3}
      propertyPath: m_LocalEulerAnglesHint.y
      value: 0
      objectReference: {fileID: 0}
    - target: {fileID: 8762286023885395322, guid: 9c489a8547f4d9e4387da15a4ff82c81,
        type: 3}
      propertyPath: m_LocalEulerAnglesHint.z
      value: 0
      objectReference: {fileID: 0}
    - target: {fileID: 8762286023885395323, guid: 9c489a8547f4d9e4387da15a4ff82c81,
        type: 3}
      propertyPath: m_Follow
      value: 
      objectReference: {fileID: 678190964}
    m_RemovedComponents: []
  m_SourcePrefab: {fileID: 100100000, guid: 9c489a8547f4d9e4387da15a4ff82c81, type: 3}
--- !u!4 &2186304424338613818
Transform:
  m_ObjectHideFlags: 0
  m_CorrespondingSourceObject: {fileID: 0}
  m_PrefabInstance: {fileID: 0}
  m_PrefabAsset: {fileID: 0}
  m_GameObject: {fileID: 2800556148493431978}
  m_LocalRotation: {x: 0, y: 0, z: 0, w: 1}
  m_LocalPosition: {x: 22.210217, y: -8.786317, z: 23.948788}
  m_LocalScale: {x: 1, y: 1, z: 1}
  m_Children:
  - {fileID: 1007964972}
  - {fileID: 1902497240}
  - {fileID: 8639120910034268157}
  - {fileID: 335789471}
  m_Father: {fileID: 0}
  m_RootOrder: 5
  m_LocalEulerAnglesHint: {x: 0, y: 0, z: 0}
--- !u!1 &2458827200232164339
GameObject:
  m_ObjectHideFlags: 0
  m_CorrespondingSourceObject: {fileID: 0}
  m_PrefabInstance: {fileID: 0}
  m_PrefabAsset: {fileID: 0}
  serializedVersion: 6
  m_Component:
  - component: {fileID: 8639120910034268157}
  - component: {fileID: 2820941392434110812}
  - component: {fileID: 2761960444560133068}
  - component: {fileID: 7652476725267729482}
  - component: {fileID: 9200364199819580185}
  - component: {fileID: 345689496619188867}
  m_Layer: 5
  m_Name: UI_Canvas_StarterAssetsInputs_Joysticks
  m_TagString: Untagged
  m_Icon: {fileID: 0}
  m_NavMeshLayer: 0
  m_StaticEditorFlags: 0
  m_IsActive: 1
--- !u!114 &2761960444560133068
MonoBehaviour:
  m_ObjectHideFlags: 0
  m_CorrespondingSourceObject: {fileID: 0}
  m_PrefabInstance: {fileID: 0}
  m_PrefabAsset: {fileID: 0}
  m_GameObject: {fileID: 2458827200232164339}
  m_Enabled: 1
  m_EditorHideFlags: 0
  m_Script: {fileID: 11500000, guid: 0cd44c1031e13a943bb63640046fad76, type: 3}
  m_Name: 
  m_EditorClassIdentifier: 
  m_UiScaleMode: 1
  m_ReferencePixelsPerUnit: 100
  m_ScaleFactor: 1
  m_ReferenceResolution: {x: 1600, y: 900}
  m_ScreenMatchMode: 0
  m_MatchWidthOrHeight: 0
  m_PhysicalUnit: 3
  m_FallbackScreenDPI: 96
  m_DefaultSpriteDPI: 96
  m_DynamicPixelsPerUnit: 1
  m_PresetInfoIsWorld: 0
--- !u!1 &2800556148493431978
GameObject:
  m_ObjectHideFlags: 0
  m_CorrespondingSourceObject: {fileID: 0}
  m_PrefabInstance: {fileID: 0}
  m_PrefabAsset: {fileID: 0}
  serializedVersion: 6
  m_Component:
  - component: {fileID: 2186304424338613818}
  m_Layer: 0
  m_Name: NestedParent_Unpack
  m_TagString: Untagged
  m_Icon: {fileID: 0}
  m_NavMeshLayer: 0
  m_StaticEditorFlags: 0
  m_IsActive: 0
--- !u!223 &2820941392434110812
Canvas:
  m_ObjectHideFlags: 0
  m_CorrespondingSourceObject: {fileID: 0}
  m_PrefabInstance: {fileID: 0}
  m_PrefabAsset: {fileID: 0}
  m_GameObject: {fileID: 2458827200232164339}
  m_Enabled: 1
  serializedVersion: 3
  m_RenderMode: 0
  m_Camera: {fileID: 0}
  m_PlaneDistance: 100
  m_PixelPerfect: 0
  m_ReceivesEvents: 1
  m_OverrideSorting: 0
  m_OverridePixelPerfect: 0
  m_SortingBucketNormalizedSize: 0
  m_AdditionalShaderChannelsFlag: 0
  m_SortingLayerID: 0
  m_SortingOrder: 0
  m_TargetDisplay: 0
--- !u!1001 &3250778210621558593
PrefabInstance:
  m_ObjectHideFlags: 0
  serializedVersion: 2
  m_Modification:
    m_TransformParent: {fileID: 8639120910034268157}
    m_Modifications:
    - target: {fileID: 191938513, guid: 6eb08bfc0fd869c47b796c42ada099da, type: 3}
      propertyPath: joystickOutputEvent.m_PersistentCalls.m_Calls.Array.data[0].m_Target
      value: 
      objectReference: {fileID: 9200364199819580185}
    - target: {fileID: 1407806550736918862, guid: 6eb08bfc0fd869c47b796c42ada099da,
        type: 3}
      propertyPath: m_Pivot.x
      value: 0.5
      objectReference: {fileID: 0}
    - target: {fileID: 1407806550736918862, guid: 6eb08bfc0fd869c47b796c42ada099da,
        type: 3}
      propertyPath: m_Pivot.y
      value: 0.5
      objectReference: {fileID: 0}
    - target: {fileID: 1407806550736918862, guid: 6eb08bfc0fd869c47b796c42ada099da,
        type: 3}
      propertyPath: m_RootOrder
      value: 0
      objectReference: {fileID: 0}
    - target: {fileID: 1407806550736918862, guid: 6eb08bfc0fd869c47b796c42ada099da,
        type: 3}
      propertyPath: m_AnchorMax.x
      value: 0
      objectReference: {fileID: 0}
    - target: {fileID: 1407806550736918862, guid: 6eb08bfc0fd869c47b796c42ada099da,
        type: 3}
      propertyPath: m_AnchorMax.y
      value: 0
      objectReference: {fileID: 0}
    - target: {fileID: 1407806550736918862, guid: 6eb08bfc0fd869c47b796c42ada099da,
        type: 3}
      propertyPath: m_AnchorMin.x
      value: 0
      objectReference: {fileID: 0}
    - target: {fileID: 1407806550736918862, guid: 6eb08bfc0fd869c47b796c42ada099da,
        type: 3}
      propertyPath: m_AnchorMin.y
      value: 0
      objectReference: {fileID: 0}
    - target: {fileID: 1407806550736918862, guid: 6eb08bfc0fd869c47b796c42ada099da,
        type: 3}
      propertyPath: m_SizeDelta.x
      value: 330
      objectReference: {fileID: 0}
    - target: {fileID: 1407806550736918862, guid: 6eb08bfc0fd869c47b796c42ada099da,
        type: 3}
      propertyPath: m_SizeDelta.y
      value: 330
      objectReference: {fileID: 0}
    - target: {fileID: 1407806550736918862, guid: 6eb08bfc0fd869c47b796c42ada099da,
        type: 3}
      propertyPath: m_LocalPosition.x
      value: 0
      objectReference: {fileID: 0}
    - target: {fileID: 1407806550736918862, guid: 6eb08bfc0fd869c47b796c42ada099da,
        type: 3}
      propertyPath: m_LocalPosition.y
      value: 0
      objectReference: {fileID: 0}
    - target: {fileID: 1407806550736918862, guid: 6eb08bfc0fd869c47b796c42ada099da,
        type: 3}
      propertyPath: m_LocalPosition.z
      value: 0
      objectReference: {fileID: 0}
    - target: {fileID: 1407806550736918862, guid: 6eb08bfc0fd869c47b796c42ada099da,
        type: 3}
      propertyPath: m_LocalRotation.w
      value: 1
      objectReference: {fileID: 0}
    - target: {fileID: 1407806550736918862, guid: 6eb08bfc0fd869c47b796c42ada099da,
        type: 3}
      propertyPath: m_LocalRotation.x
      value: 0
      objectReference: {fileID: 0}
    - target: {fileID: 1407806550736918862, guid: 6eb08bfc0fd869c47b796c42ada099da,
        type: 3}
      propertyPath: m_LocalRotation.y
      value: 0
      objectReference: {fileID: 0}
    - target: {fileID: 1407806550736918862, guid: 6eb08bfc0fd869c47b796c42ada099da,
        type: 3}
      propertyPath: m_LocalRotation.z
      value: 0
      objectReference: {fileID: 0}
    - target: {fileID: 1407806550736918862, guid: 6eb08bfc0fd869c47b796c42ada099da,
        type: 3}
      propertyPath: m_AnchoredPosition.x
      value: 219
      objectReference: {fileID: 0}
    - target: {fileID: 1407806550736918862, guid: 6eb08bfc0fd869c47b796c42ada099da,
        type: 3}
      propertyPath: m_AnchoredPosition.y
      value: 207
      objectReference: {fileID: 0}
    - target: {fileID: 1407806550736918862, guid: 6eb08bfc0fd869c47b796c42ada099da,
        type: 3}
      propertyPath: m_LocalEulerAnglesHint.x
      value: 0
      objectReference: {fileID: 0}
    - target: {fileID: 1407806550736918862, guid: 6eb08bfc0fd869c47b796c42ada099da,
        type: 3}
      propertyPath: m_LocalEulerAnglesHint.y
      value: 0
      objectReference: {fileID: 0}
    - target: {fileID: 1407806550736918862, guid: 6eb08bfc0fd869c47b796c42ada099da,
        type: 3}
      propertyPath: m_LocalEulerAnglesHint.z
      value: 0
      objectReference: {fileID: 0}
    - target: {fileID: 1423390416140222447, guid: 6eb08bfc0fd869c47b796c42ada099da,
        type: 3}
      propertyPath: m_Name
      value: UI_Virtual_Joystick_Move
      objectReference: {fileID: 0}
    m_RemovedComponents: []
  m_SourcePrefab: {fileID: 100100000, guid: 6eb08bfc0fd869c47b796c42ada099da, type: 3}
--- !u!1001 &3852493583879841542
PrefabInstance:
  m_ObjectHideFlags: 0
  serializedVersion: 2
  m_Modification:
    m_TransformParent: {fileID: 2186304424338613818}
    m_Modifications:
    - target: {fileID: 5393215578589016655, guid: c5efc39a8aaf6e64ea40e9ad573e9b47,
        type: 3}
      propertyPath: m_Materials.Array.data[0]
      value: 
      objectReference: {fileID: 2100000, guid: 6b911390c5825014e8377183a7837d3f, type: 2}
    - target: {fileID: 8616685848737228372, guid: c5efc39a8aaf6e64ea40e9ad573e9b47,
        type: 3}
      propertyPath: m_Name
      value: PlayerCapsule
      objectReference: {fileID: 0}
    - target: {fileID: 8997996947095583982, guid: c5efc39a8aaf6e64ea40e9ad573e9b47,
        type: 3}
      propertyPath: m_RootOrder
      value: 1
      objectReference: {fileID: 0}
    - target: {fileID: 8997996947095583982, guid: c5efc39a8aaf6e64ea40e9ad573e9b47,
        type: 3}
      propertyPath: m_LocalPosition.x
      value: -22.210217
      objectReference: {fileID: 0}
    - target: {fileID: 8997996947095583982, guid: c5efc39a8aaf6e64ea40e9ad573e9b47,
        type: 3}
      propertyPath: m_LocalPosition.y
      value: 8.786317
      objectReference: {fileID: 0}
    - target: {fileID: 8997996947095583982, guid: c5efc39a8aaf6e64ea40e9ad573e9b47,
        type: 3}
      propertyPath: m_LocalPosition.z
      value: -23.948788
      objectReference: {fileID: 0}
    - target: {fileID: 8997996947095583982, guid: c5efc39a8aaf6e64ea40e9ad573e9b47,
        type: 3}
      propertyPath: m_LocalRotation.w
      value: 1
      objectReference: {fileID: 0}
    - target: {fileID: 8997996947095583982, guid: c5efc39a8aaf6e64ea40e9ad573e9b47,
        type: 3}
      propertyPath: m_LocalRotation.x
      value: -0
      objectReference: {fileID: 0}
    - target: {fileID: 8997996947095583982, guid: c5efc39a8aaf6e64ea40e9ad573e9b47,
        type: 3}
      propertyPath: m_LocalRotation.y
      value: -0
      objectReference: {fileID: 0}
    - target: {fileID: 8997996947095583982, guid: c5efc39a8aaf6e64ea40e9ad573e9b47,
        type: 3}
      propertyPath: m_LocalRotation.z
      value: -0
      objectReference: {fileID: 0}
    - target: {fileID: 8997996947095583982, guid: c5efc39a8aaf6e64ea40e9ad573e9b47,
        type: 3}
      propertyPath: m_LocalEulerAnglesHint.x
      value: 0
      objectReference: {fileID: 0}
    - target: {fileID: 8997996947095583982, guid: c5efc39a8aaf6e64ea40e9ad573e9b47,
        type: 3}
      propertyPath: m_LocalEulerAnglesHint.y
      value: 0
      objectReference: {fileID: 0}
    - target: {fileID: 8997996947095583982, guid: c5efc39a8aaf6e64ea40e9ad573e9b47,
        type: 3}
      propertyPath: m_LocalEulerAnglesHint.z
      value: 0
      objectReference: {fileID: 0}
    m_RemovedComponents: []
  m_SourcePrefab: {fileID: 100100000, guid: c5efc39a8aaf6e64ea40e9ad573e9b47, type: 3}
--- !u!114 &7652476725267729482
MonoBehaviour:
  m_ObjectHideFlags: 0
  m_CorrespondingSourceObject: {fileID: 0}
  m_PrefabInstance: {fileID: 0}
  m_PrefabAsset: {fileID: 0}
  m_GameObject: {fileID: 2458827200232164339}
  m_Enabled: 1
  m_EditorHideFlags: 0
  m_Script: {fileID: 11500000, guid: dc42784cf147c0c48a680349fa168899, type: 3}
  m_Name: 
  m_EditorClassIdentifier: 
  m_IgnoreReversedGraphics: 1
  m_BlockingObjects: 0
  m_BlockingMask:
    serializedVersion: 2
    m_Bits: 4294967295
--- !u!224 &8639120910034268157
RectTransform:
  m_ObjectHideFlags: 0
  m_CorrespondingSourceObject: {fileID: 0}
  m_PrefabInstance: {fileID: 0}
  m_PrefabAsset: {fileID: 0}
  m_GameObject: {fileID: 2458827200232164339}
  m_LocalRotation: {x: 0, y: 0, z: 0, w: 1}
  m_LocalPosition: {x: 0, y: 0, z: 0}
  m_LocalScale: {x: 0, y: 0, z: 0}
  m_Children:
  - {fileID: 1834986883}
  - {fileID: 1137356714}
  - {fileID: 467346517}
  m_Father: {fileID: 2186304424338613818}
  m_RootOrder: 2
  m_LocalEulerAnglesHint: {x: 0, y: 0, z: 0}
  m_AnchorMin: {x: 0, y: 0}
  m_AnchorMax: {x: 0, y: 0}
  m_AnchoredPosition: {x: 0, y: 0}
  m_SizeDelta: {x: 0, y: 0}
  m_Pivot: {x: 0, y: 0}
--- !u!1001 &9200364198852508308
PrefabInstance:
  m_ObjectHideFlags: 0
  serializedVersion: 2
  m_Modification:
    m_TransformParent: {fileID: 2186304424338613818}
    m_Modifications:
    - target: {fileID: 1992104595683069851, guid: f0271df749728104eac22c3d897fd8ce,
        type: 3}
      propertyPath: m_Name
      value: UI_EventSystem
      objectReference: {fileID: 0}
    - target: {fileID: 8063073397250431797, guid: f0271df749728104eac22c3d897fd8ce,
        type: 3}
      propertyPath: m_RootOrder
      value: 3
      objectReference: {fileID: 0}
    - target: {fileID: 8063073397250431797, guid: f0271df749728104eac22c3d897fd8ce,
        type: 3}
      propertyPath: m_LocalScale.x
      value: 1
      objectReference: {fileID: 0}
    - target: {fileID: 8063073397250431797, guid: f0271df749728104eac22c3d897fd8ce,
        type: 3}
      propertyPath: m_LocalScale.y
      value: 1
      objectReference: {fileID: 0}
    - target: {fileID: 8063073397250431797, guid: f0271df749728104eac22c3d897fd8ce,
        type: 3}
      propertyPath: m_LocalScale.z
      value: 1
      objectReference: {fileID: 0}
    - target: {fileID: 8063073397250431797, guid: f0271df749728104eac22c3d897fd8ce,
        type: 3}
      propertyPath: m_LocalPosition.x
      value: -22.210217
      objectReference: {fileID: 0}
    - target: {fileID: 8063073397250431797, guid: f0271df749728104eac22c3d897fd8ce,
        type: 3}
      propertyPath: m_LocalPosition.y
      value: 8.786317
      objectReference: {fileID: 0}
    - target: {fileID: 8063073397250431797, guid: f0271df749728104eac22c3d897fd8ce,
        type: 3}
      propertyPath: m_LocalPosition.z
      value: -23.948788
      objectReference: {fileID: 0}
    - target: {fileID: 8063073397250431797, guid: f0271df749728104eac22c3d897fd8ce,
        type: 3}
      propertyPath: m_LocalRotation.w
      value: 1
      objectReference: {fileID: 0}
    - target: {fileID: 8063073397250431797, guid: f0271df749728104eac22c3d897fd8ce,
        type: 3}
      propertyPath: m_LocalRotation.x
      value: -0
      objectReference: {fileID: 0}
    - target: {fileID: 8063073397250431797, guid: f0271df749728104eac22c3d897fd8ce,
        type: 3}
      propertyPath: m_LocalRotation.y
      value: -0
      objectReference: {fileID: 0}
    - target: {fileID: 8063073397250431797, guid: f0271df749728104eac22c3d897fd8ce,
        type: 3}
      propertyPath: m_LocalRotation.z
      value: -0
      objectReference: {fileID: 0}
    - target: {fileID: 8063073397250431797, guid: f0271df749728104eac22c3d897fd8ce,
        type: 3}
      propertyPath: m_LocalEulerAnglesHint.x
      value: 0
      objectReference: {fileID: 0}
    - target: {fileID: 8063073397250431797, guid: f0271df749728104eac22c3d897fd8ce,
        type: 3}
      propertyPath: m_LocalEulerAnglesHint.y
      value: 0
      objectReference: {fileID: 0}
    - target: {fileID: 8063073397250431797, guid: f0271df749728104eac22c3d897fd8ce,
        type: 3}
      propertyPath: m_LocalEulerAnglesHint.z
      value: 0
      objectReference: {fileID: 0}
    m_RemovedComponents: []
  m_SourcePrefab: {fileID: 100100000, guid: f0271df749728104eac22c3d897fd8ce, type: 3}
--- !u!114 &9200364199819580185
MonoBehaviour:
  m_ObjectHideFlags: 0
  m_CorrespondingSourceObject: {fileID: 0}
  m_PrefabInstance: {fileID: 0}
  m_PrefabAsset: {fileID: 0}
  m_GameObject: {fileID: 2458827200232164339}
  m_Enabled: 1
  m_EditorHideFlags: 0
  m_Script: {fileID: 11500000, guid: 4a300d010f57451488aa99000126fbd5, type: 3}
  m_Name: 
  m_EditorClassIdentifier: 
  starterAssetsInputs: {fileID: 1902497235}
